@article{smith2004sir,
  title={The SIR model for spread of disease-the differential equation model},
  author={Smith, David and Moore, Lang and others},
  journal={Convergence},
  year={2004}
} 

@article{wangersky1978lotka,
  title={Lotka-Volterra population models},
  author={Wangersky, Peter J},
  journal={Annual Review of Ecology and Systematics},
  volume={9},
  number={1},
  pages={189--218},
  year={1978},
  publisher={Annual Reviews 4139 El Camino Way, PO Box 10139, Palo Alto, CA 94303-0139, USA}
} 

@book{bahouri2011fourier,
  title={Fourier analysis and nonlinear partial differential equations},
  author={Bahouri, Hajer},
  year={2011},
  publisher={Springer}
} 

@book{brunton2022data,
  title={Data-driven science and engineering: Machine learning, dynamical systems, and control},
  author={Brunton, Steven L and Kutz, J Nathan},
  year={2022},
  publisher={Cambridge University Press}
} 

@book{grafakos2008classical,
  title={Classical fourier analysis},
  author={Grafakos, Loukas and others},
  volume={2},
  year={2008},
  publisher={Springer}
} 

@book{stein2011fourier,
  title={Fourier analysis: an introduction},
  author={Stein, Elias M and Shakarchi, Rami},
  volume={1},
  year={2011},
  publisher={Princeton University Press}
} 

@misc{3Blue1Brown_fourier_2018, 
    title={But what is the Fourier Transform? A visual introduction.},
    url={https://www.3blue1brown.com/lessons/fourier-transforms}, 
    howpublished={\url{https://www.3blue1brown.com/lessons/fourier-transforms}},
    journal={3Blue1Brown},
    author={Sanderson, Grant}, 
    year={2018}, 
    month={Jan}
} 

@misc{Buchanan_black_scholes_2014, 
    title={Solving the black-scholes equation}, 
    url={https://sites.millersville.edu/rbuchanan/book/BlackScholes.pdf}, 
    howpublished={\url{https://sites.millersville.edu/rbuchanan/book/BlackScholes.pdf}},
    journal={Millersville University}, 
    author={Buchanan, Robert}, 
    year={2014}
} 

@misc{Crawford_2022a, 
    title={Oxford calculus: Heat equation derivation}, 
    url={https://tomrocksmaths.com/2022/06/25/oxford-calculus-heat-equation-derivation/}, 
    howpublished={\url{https://tomrocksmaths.com/2022/06/25/oxford-calculus-heat-equation-derivation/}},
    journal={YouTube}, 
    publisher={YouTube}, 
    author={Crawford, Tom}, 
    year={2022}, 
    month={Jun}
} 

@article{Libretexts_2021a, title={11.1: The Driven Harmonic Oscillator}, 
    url={https://phys.libretexts.org/Bookshelves/Mathematical_Physics_and_Pedagogy/Complex_Methods_for_the_Sciences_(Chong)/11%3A_Green’s_Functions/11.01%3A_The_Driven_Harmonic_Oscillator}, 
    howpublished={\url{https://phys.libretexts.org/Bookshelves/Mathematical_Physics_and_Pedagogy/Complex_Methods_for_the_Sciences_(Chong)/11%3A_Green’s_Functions/11.01%3A_The_Driven_Harmonic_Oscillator}},
    journal={Physics LibreTexts}, 
    publisher={Libretexts}, 
    author={Libretexts}, 
    year={2021}, 
    month={Apr}
} 

@misc{Libretexts_2021b, 
    title={10.5: Fourier transforms of differential equations}, 
    url={https://phys.libretexts.org/Bookshelves/Mathematical_Physics_and_Pedagogy/Complex_Methods_for_the_Sciences_(Chong)/10%3A_Fourier_Series_and_Fourier_Transforms/10.05%3A_Fourier_Transforms_of_Differential_Equations}, 
    howpublished={\url{https://phys.libretexts.org/Bookshelves/Mathematical_Physics_and_Pedagogy/Complex_Methods_for_the_Sciences_(Chong)/10%3A_Fourier_Series_and_Fourier_Transforms/10.05%3A_Fourier_Transforms_of_Differential_Equations}},
    journal={Physics LibreTexts}, 
    publisher={Libretexts}, 
    author={Libretexts}, 
    year={2021}, 
    month={Apr}
} 

@misc{Libretexts_2022b, 
    title={29: Solving the wave equation with Fourier transforms}, 
    url={https://phys.libretexts.org/Courses/University_of_California_Davis/UCD%3A_Physics_156_-_A_Cosmology_Workbook/Workbook/29%3A_Solving_the_Wave_Equation_with_Fourier_Transforms},
    howpublished={\url{https://phys.libretexts.org/Courses/University_of_California_Davis/UCD%3A_Physics_156_-_A_Cosmology_Workbook/Workbook/29%3A_Solving_the_Wave_Equation_with_Fourier_Transforms}},
    journal={Physics LibreTexts}, 
    publisher={Libretexts}, 
    author={Libretexts}, 
    year={2022}, 
    month={Nov}
} 

@misc{Tutorialspoint_2022, 
    title={Difference between Fourier Series and Fourier Transform}, 
    url={https://www.tutorialspoint.com/difference-between-fourier-series-and-fourier-transform},
    howpublished={\url{https://www.tutorialspoint.com/difference-between-fourier-series-and-fourier-transform}},
    journal={Online Courses and eBooks Library}, 
    author={Panigrahi, Kiran}, 
    year={2022}, 
    month={Dec}
} 

@misc{Sanderson_2019, 
    title={Solving the heat equation}, 
    url={https://www.3blue1brown.com/lessons/heat-equation}, 
    howpublished={\url{https://www.3blue1brown.com/lessons/heat-equation}},
    journal={3Blue1Brown}, 
    publisher={3Blue1Brown}, 
    author={Sanderson, Grant}, 
    year={2019}, 
    month={Jun}
}

@misc{Mathworld_2023b, 
    url={https://mathworld.wolfram.com/FourierSeriesSquareWave.html}, 
    howpublished={\url{https://mathworld.wolfram.com/FourierSeriesSquareWave.html}},
    journal={Wolfram MathWorld}, 
    year={2023}, 
    author={MathWorld}, 
    title={Fourier Series - Square Wave}, 
    month={Apr}
} 

@book{howell2016principles,
  title={Principles of Fourier analysis},
  author={Howell, Kenneth B},
  year={2016},
  publisher={CRC Press}
}

@article{craig1990linear,
  title={Linear dispersive equations of Airy type},
  author={Craig, Walter and Goodman, Jonathan},
  journal={Journal of differential equations},
  volume={87},
  number={1},
  pages={38--61},
  year={1990},
  publisher={Academic Press}
}

@article{danchin2005fourier,
  title={Fourier analysis methods for PDEs},
  author={Danchin, Rapha{\"e}l},
  journal={UPEC Lecture notes},
  volume={14},
  number={1},
  year={2005}
}